@Book{japanerPaper,
 title    = {Achtung Umlaute "a "o "u},
 author   = {Yoshihiro Fujioka and Janxin Sun and Toshiro Ono},
 publisher = {Wiley-VCH},
 year = {2000},
}

@Book{comprehensiveMass,
editor = {Manfred Kochsiek and Michael Gl"aser},
title = {Comprehensive Mass Metrology},
publisher = {Wiley-VCH},
year = {2000},
}

@Book{kuchling,
author = {Horst Kuchling},
title = {Taschenbuch der Physik},
publisher = {Hanser},
year = {2007},
}

@Datasheet{MSP430F541xA,
note = {www.ti.com, SLAS655C},
title = {Mixed Signal Controller MSP430F541xA and MSP430F543xA},
publisher = {Texas Instruments},
year = {2010},
}

@Unpublished{mueller,
author = {M"uller, Andreas},
title = {Wahrscheinlichkeitsrechnung und Statistik},
note = {Skript, HSR Rapperswil},
year = {2008},
}

@misc{MSPReferenceDesign,
note = {www.ti.com, $MSP-TS430PZ5x100_Reference_Design$},
title = {MSP430 Reference design for the MSP430 5er series},
publisher = {Texas Instruments},
year = {2007},
}

@misc{FreeFall,
note = {\url{http://en.wikipedia.org/wiki/Free_fall}, 19.03.2013},
key = {wikipedia.org},
year = {2013},
}



@misc{schulbilder.org,
note = {\url{http://www.schulbilder.org/} Justitia, 13.12.2009},
key = {schulbilder.org},
year = {2009},
}

@misc{patentYamato,
author       = {sdf sdaf},
note         = {European Patent Application sdf asdfsdfds, 10.12.88},
title        = {mysteriöse Erfindung},
year         = {1990}
}

@misc{dynamic,
note = {asdf asdf asdf, \url{http://www.xasdfsdf.com/}, 10.12.2009},
key = {sdsadfsdfsda},
year = {2009},
}

@misc{FreeFall,
note = {\url{http://en.wikipedia.org/wiki/Free_fall}, 19.03.2013},
key = {wikipedia.org},
year = {2013},
}